@misc{sfuca,
author = {Derek Bingham},
title = {Virtual Library of Simulation Experiments},
year = {2017},
howpublished = {\url{http://www.sfu.ca/~ssurjano/index.html}}
}

@misc{wiki,
author = {Dervis Karaboga},
title = {Artificial bee colony algorithm},
year = {2010},
howpublished = {\url{http://scholarpedia.org/article/Artificial_bee_colony_algorithm}}
}

@misc{official,
author = {Dervis Karaboga},
title = {Artificial bee colony algorithm homepage},
year = {2010},
howpublished = {\url{http://mf.erciyes.edu.tr/abc/}}
}